@Article{1,
  author =       "L. Zhang, Y. Xin, and Y. C. Liang",
  title =        "Weighted sum rate optimization for cognitive radio MIMO broadcast channels",
  journal =      "IEEE Trans. Wireless Commun.",
  volume =       "8",
  number =       "6",
  pages =        "2950--2959",
  year =         "June 2009",  
}
@Article{2,
  author =       "L. Zhang, R. Zhang, Y. C. Liang, Y. Xin, and H. V. Poor",
  title =        "On Gaussian MIMO BC-MAC duality with multiple transmit covariance constraints",
  journal =      "IEEE Trans. Inf. Theory",
  volume =       "58",
  number =       "4",
  pages =        "2064--2078",
  year =         "April 2012",  
}