@inproceedings{huang2011adversarial,
  title={Adversarial machine learning},
  author={Huang, Ling and Joseph, Anthony D and Nelson, Blaine and Rubinstein, Benjamin IP and Tygar, J Doug},
  booktitle={Proceedings of the 4th ACM workshop on Security and artificial intelligence},
  pages={43--58},
  year={2011}
}

@article{panda2011network,
  title={Network intrusion detection system: A machine learning approach},
  author={Panda, Mrutyunjaya and Abraham, Ajith and Das, Swagatam and Patra, Manas Ranjan},
  journal={Intelligent Decision Technologies},
  volume={5},
  number={4},
  pages={347--356},
  year={2011},
  publisher={IOS Press}
}
@misc{NSLKDDDa59:online,
author = {},
title = {NSL-KDD Datasets},
howpublished = {\url{https://www.unb.ca/cic/datasets/nsl.html}},
month = {},
year = {},
note = {(Accessed on 02/13/2021)}
}
@article{dhanabal2015study,
  title={A study on NSL-KDD dataset for intrusion detection system based on classification algorithms},
  author={Dhanabal, L and Shantharajah, SP},
  journal={International Journal of Advanced Research in Computer and Communication Engineering},
  volume={4},
  number={6},
  pages={446--452},
  year={2015}
}
@article{shiravi2012toward,
  title={Toward developing a systematic approach to generate benchmark datasets for intrusion detection},
  author={Shiravi, Ali and Shiravi, Hadi and Tavallaee, Mahbod and Ghorbani, Ali A},
  journal={computers \& security},
  volume={31},
  number={3},
  pages={357--374},
  year={2012},
  publisher={Elsevier}
}
@inproceedings{sharafaldin2018toward,
  title={Toward generating a new intrusion detection dataset and intrusion traffic characterization.},
  author={Sharafaldin, Iman and Lashkari, Arash Habibi and Ghorbani, Ali A},
  booktitle={ICISSp},
  pages={108--116},
  year={2018}
}
@inproceedings{sharafaldin2018detailed,
  title={A detailed analysis of the cicids2017 data set},
  author={Sharafaldin, Iman and Lashkari, Arash Habibi and Ghorbani, Ali A},
  booktitle={International Conference on Information Systems Security and Privacy},
  pages={172--188},
  year={2018},
  organization={Springer}
}
@inproceedings{sharafaldin2018toward,
  title={Toward generating a new intrusion detection dataset and intrusion traffic characterization.},
  author={Sharafaldin, Iman and Lashkari, Arash Habibi and Ghorbani, Ali A},
  booktitle={ICISSp},
  pages={108--116},
  year={2018}
}
@inproceedings{moustafa2015unsw,
  title={UNSW-NB15: a comprehensive data set for network intrusion detection systems (UNSW-NB15 network data set)},
  author={Moustafa, Nour and Slay, Jill},
  booktitle={2015 military communications and information systems conference (MilCIS)},
  pages={1--6},
  year={2015},
  organization={IEEE}
}
@inproceedings{kholidy2012cidd,
  title={Cidd: A cloud intrusion detection dataset for cloud computing and masquerade attacks},
  author={Kholidy, Hisham A and Baiardi, Fabrizio},
  booktitle={2012 Ninth International Conference on Information Technology-New Generations},
  pages={397--402},
  year={2012},
  organization={IEEE}
}
@article{moorthy2013virtual,
  title={Virtual host based intrusion detection system for cloud},
  author={Moorthy, Manthira and Rajeswari, M},
  journal={International Journal of Engineering \& Technology},
  pages={0975--4024},
  year={2013}
}
@inproceedings{kumar2016detecting,
  title={Detecting denial of service attacks in the cloud},
  author={Kumar, Raneel and Lal, Sunil Pranit and Sharma, Alok},
  booktitle={2016 IEEE 14th Intl Conf on Dependable, Autonomic and Secure Computing, 14th Intl Conf on Pervasive Intelligence and Computing, 2nd Intl Conf on Big Data Intelligence and Computing and Cyber Science and Technology Congress (DASC/PiCom/DataCom/CyberSciTech)},
  pages={309--316},
  year={2016},
  organization={IEEE}
}
@misc{HTTPDATA52:online,
author = {},
title = {HTTP DATASET CSIC 2010},
howpublished = {\url{https://www.isi.csic.es/dataset/}},
month = {},
year = {},
note = {(Accessed on 02/14/2021)}
}
@article{wang2018building,
  title={Building a cloud IDS using an efficient feature selection method and SVM},
  author={Wang, Wenjuan and Du, Xuehui and Wang, Na},
  journal={IEEE Access},
  volume={7},
  pages={1345--1354},
  year={2018},
  publisher={IEEE}
}
@article{mukeri2020support,
  title={Support Vector Machine and Principal Component Analysis for Intrusion Detection System},
  author={Mukeri, Amir and Gaikwad, DP},
  journal={i-Manager's Journal on Software Engineering},
  volume={14},
  number={3},
  pages={42},
  year={2020},
  publisher={iManager Publications}
}
@article{tao2018improved,
  title={An improved intrusion detection algorithm based on GA and SVM},
  author={Tao, Peiying and Sun, Zhe and Sun, Zhixin},
  journal={Ieee Access},
  volume={6},
  pages={13624--13631},
  year={2018},
  publisher={IEEE}
}
@article{vijayanand2020novel,
  title={A novel feature selection method using whale optimization algorithm and genetic operators for intrusion detection system in wireless mesh network},
  author={Vijayanand, R and Devaraj, D},
  journal={IEEE Access},
  volume={8},
  pages={56847--56854},
  year={2020},
  publisher={IEEE}
}
@article{tama2019tse,
  title={TSE-IDS: A two-stage classifier ensemble for intelligent anomaly-based intrusion detection system},
  author={Tama, Bayu Adhi and Comuzzi, Marco and Rhee, Kyung-Hyune},
  journal={IEEE Access},
  volume={7},
  pages={94497--94507},
  year={2019},
  publisher={IEEE}
}
@inproceedings{yulianto2019improving,
  title={Improving adaboost-based intrusion detection system (IDS) performance on CIC IDS 2017 dataset},
  author={Yulianto, Arif and Sukarno, Parman and Suwastika, Novian Anggis},
  booktitle={Journal of Physics: Conference Series},
  volume={1192},
  number={1},
  pages={012018},
  year={2019},
  organization={IOP Publishing}
}
@inproceedings{javaid2016deep,
  title={A deep learning approach for network intrusion detection system},
  author={Javaid, Ahmad and Niyaz, Quamar and Sun, Weiqing and Alam, Mansoor},
  booktitle={Proceedings of the 9th EAI International Conference on Bio-inspired Information and Communications Technologies (formerly BIONETICS)},
  pages={21--26},
  year={2016}
}	
@article{lecun2015deep,
  title={Deep learning. nature 521 (7553), 436-444},
  author={LeCun, Yann and Bengio, Yoshua and Hinton, Geoffrey},
  journal={Google Scholar Google Scholar Cross Ref Cross Ref},
  year={2015}
}
@article{yin2017deep,
  title={A deep learning approach for intrusion detection using recurrent neural networks},
  author={Yin, Chuanlong and Zhu, Yuefei and Fei, Jinlong and He, Xinzheng},
  journal={Ieee Access},
  volume={5},
  pages={21954--21961},
  year={2017},
  publisher={IEEE}
}
@inproceedings{vinayakumar2017applying,
  title={Applying convolutional neural network for network intrusion detection},
  author={Vinayakumar, R and Soman, KP and Poornachandran, Prabaharan},
  booktitle={2017 International Conference on Advances in Computing, Communications and Informatics (ICACCI)},
  pages={1222--1228},
  year={2017},
  organization={IEEE}
}
@inproceedings{yuan2017deepdefense,
  title={DeepDefense: identifying DDoS attack via deep learning},
  author={Yuan, Xiaoyong and Li, Chuanhuang and Li, Xiaolin},
  booktitle={2017 IEEE International Conference on Smart Computing (SMARTCOMP)},
  pages={1--8},
  year={2017},
  organization={IEEE}
}
@article{sohi2021rnnids,
  title={RNNIDS: Enhancing network intrusion detection systems through deep learning},
  author={Sohi, Soroush M and Seifert, Jean-Pierre and Ganji, Fatemeh},
  journal={Computers \& Security},
  volume={102},
  pages={102151},
  year={2021},
  publisher={Elsevier}
}
@article{liu2020deep,
  title={Deep Learning-Based Network Security Data Sampling and Anomaly Prediction in Future Network},
  author={Liu, Lan and Lin, Jun and Wang, Pengcheng and Liu, Langzhou and Zhou, Rongfu},
  journal={Discrete Dynamics in Nature and Society},
  volume={2020},
  year={2020},
  publisher={Hindawi}
}
@article{sun2020dl,
  title={DL-IDS: Extracting features using CNN-LSTM hybrid network for intrusion detection system},
  author={Sun, Pengfei and Liu, Pengju and Li, Qi and Liu, Chenxi and Lu, Xiangling and Hao, Ruochen and Chen, Jinpeng},
  journal={Security and Communication Networks},
  volume={2020},
  year={2020},
  publisher={Hindawi}
}
@inproceedings{yue2021fast,
  title={A Fast Deep Learning Method for Network Intrusion Detection Without Manual Feature Extraction},
  author={Yue, Wang and Yiming, Jiang and Julong, Lan},
  booktitle={Journal of Physics: Conference Series},
  volume={1738},
  number={1},
  pages={012127},
  year={2021},
  organization={IOP Publishing}
}
@article{elsken2019neural,
  title={Neural architecture search: A survey.},
  author={Elsken, Thomas and Metzen, Jan Hendrik and Hutter, Frank and others},
  journal={J. Mach. Learn. Res.},
  volume={20},
  number={55},
  pages={1--21},
  year={2019}
}
@article{Gaikwad2020Fine,
  title={Fine Tuned Deep Neural Networks for Intrusion Detection System},
  author={Gaikwad, DP and Mukeri, Amir },
  journal={Journal of Network Security Computer Networks},
  volume={6},
  number={2},
  pages={9},
  year={2020},
  publisher={MAT JOURNALS}
}
@article{alhajjar2020adversarial,
  title={Adversarial Machine Learning in Network Intrusion Detection Systems},
  author={Alhajjar, Elie and Maxwell, Paul and Bastian, Nathaniel D},
  journal={arXiv preprint arXiv:2004.11898},
  year={2020}
}
@inproceedings{rigaki2018bringing,
  title={Bringing a gan to a knife-fight: Adapting malware communication to avoid detection},
  author={Rigaki, Maria and Garcia, Sebastian},
  booktitle={2018 IEEE Security and Privacy Workshops (SPW)},
  pages={70--75},
  year={2018},
  organization={IEEE}
}
@article{goodfellow2014explaining,
  title={Explaining and harnessing adversarial examples},
  author={Goodfellow, Ian J and Shlens, Jonathon and Szegedy, Christian},
  journal={arXiv preprint arXiv:1412.6572},
  year={2014}
}
@inproceedings{szegedy2015going,
  title={Going deeper with convolutions},
  author={Szegedy, Christian and Liu, Wei and Jia, Yangqing and Sermanet, Pierre and Reed, Scott and Anguelov, Dragomir and Erhan, Dumitru and Vanhoucke, Vincent and Rabinovich, Andrew},
  booktitle={Proceedings of the IEEE conference on computer vision and pattern recognition},
  pages={1--9},
  year={2015}
}
@inproceedings{papernot2016limitations,
  title={The limitations of deep learning in adversarial settings},
  author={Papernot, Nicolas and McDaniel, Patrick and Jha, Somesh and Fredrikson, Matt and Celik, Z Berkay and Swami, Ananthram},
  booktitle={2016 IEEE European symposium on security and privacy (EuroS\&P)},
  pages={372--387},
  year={2016},
  organization={IEEE}
}
@misc{rigaki2017adversarial,
  title={Adversarial deep learning against intrusion detection classifiers},
  author={Rigaki, Maria},
  year={2017}
}
@inproceedings{arjovsky2017wasserstein,
  title={Wasserstein generative adversarial networks},
  author={Arjovsky, Martin and Chintala, Soumith and Bottou, L{\'e}on},
  booktitle={International conference on machine learning},
  pages={214--223},
  year={2017},
  organization={PMLR}
}
@article{lin2018idsgan,
  title={Idsgan: Generative adversarial networks for attack generation against intrusion detection},
  author={Lin, Zilong and Shi, Yong and Xue, Zhi},
  journal={arXiv preprint arXiv:1809.02077},
  year={2018}
}
@inproceedings{papernot2016distillation,
  title={Distillation as a defense to adversarial perturbations against deep neural networks},
  author={Papernot, Nicolas and McDaniel, Patrick and Wu, Xi and Jha, Somesh and Swami, Ananthram},
  booktitle={2016 IEEE symposium on security and privacy (SP)},
  pages={582--597},
  year={2016},
  organization={IEEE}
}
@article{papernot2016transferability,
  title={Transferability in machine learning: from phenomena to black-box attacks using adversarial samples},
  author={Papernot, Nicolas and McDaniel, Patrick and Goodfellow, Ian},
  journal={arXiv preprint arXiv:1605.07277},
  year={2016}
}
@inproceedings{apruzzese2019addressing,
  title={Addressing adversarial attacks against security systems based on machine learning},
  author={Apruzzese, Giovanni and Colajanni, Michele and Ferretti, Luca and Marchetti, Mirco},
  booktitle={2019 11th International Conference on Cyber Conflict (CyCon)},
  volume={900},
  pages={1--18},
  year={2019},
  organization={IEEE}
}
@inproceedings{papernot2016distillation,
  title={Distillation as a defense to adversarial perturbations against deep neural networks},
  author={Papernot, Nicolas and McDaniel, Patrick and Wu, Xi and Jha, Somesh and Swami, Ananthram},
  booktitle={2016 IEEE symposium on security and privacy (SP)},
  pages={582--597},
  year={2016},
  organization={IEEE}
}
@article{apruzzese2020hardening,
  title={Hardening Random Forest Cyber Detectors Against Adversarial Attacks},
  author={Apruzzese, Giovanni and Andreolini, Mauro and Colajanni, Michele and Marchetti, Mirco},
  journal={IEEE Transactions on Emerging Topics in Computational Intelligence},
  volume={4},
  number={4},
  pages={427--439},
  year={2020},
  publisher={IEEE}
}
@article{yin2019enhancing,
  title={Enhancing network intrusion detection classifiers using supervised adversarial training},
  author={Yin, Chuanlong and Zhu, Yuefei and Liu, Shengli and Fei, Jinlong and Zhang, Hetong},
  journal={The Journal of Supercomputing},
  pages={1--30},
  year={2019},
  publisher={Springer}
}
@article{xu2017feature,
  title={Feature squeezing: Detecting adversarial examples in deep neural networks},
  author={Xu, Weilin and Evans, David and Qi, Yanjun},
  journal={arXiv preprint arXiv:1704.01155},
  year={2017}
}
@inproceedings{hashemi2020enhancing,
  title={Enhancing Robustness Against Adversarial Examples in Network Intrusion Detection Systems},
  author={Hashemi, Mohammad J and Keller, Eric},
  booktitle={2020 IEEE Conference on Network Function Virtualization and Software Defined Networks (NFV-SDN)},
  pages={37--43},
  year={2020},
  organization={IEEE}
}
@inproceedings{akhtar2018defense,
  title={Defense against universal adversarial perturbations},
  author={Akhtar, Naveed and Liu, Jian and Mian, Ajmal},
  booktitle={Proceedings of the IEEE Conference on Computer Vision and Pattern Recognition},
  pages={3389--3398},
  year={2018}
}
@article{hosseini2017blocking,
  title={Blocking transferability of adversarial examples in black-box learning systems},
  author={Hosseini, Hossein and Chen, Yize and Kannan, Sreeram and Zhang, Baosen and Poovendran, Radha},
  journal={arXiv preprint arXiv:1703.04318},
  year={2017}
}
@inproceedings{yang2009cuckoo,
  title={Cuckoo search via L{\'e}vy flights},
  author={Yang, Xin-She and Deb, Suash},
  booktitle={2009 World congress on nature \& biologically inspired computing (NaBIC)},
  pages={210--214},
  year={2009},
  organization={Ieee}
}
@incollection{yang2010firefly,
  title={Firefly algorithm, Levy flights and global optimization},
  author={Yang, Xin-She},
  booktitle={Research and development in intelligent systems XXVI},
  pages={209--218},
  year={2010},
  publisher={Springer}
}
@inproceedings{moosavi2016deepfool,
  title={Deepfool: a simple and accurate method to fool deep neural networks},
  author={Moosavi-Dezfooli, Seyed-Mohsen and Fawzi, Alhussein and Frossard, Pascal},
  booktitle={Proceedings of the IEEE conference on computer vision and pattern recognition},
  pages={2574--2582},
  year={2016}
}



