@article{woodbridge2016predicting,
  title={Predicting domain generation algorithms with long short-term memory networks},
  author={Woodbridge, Jonathan and Anderson, Hyrum S and Ahuja, Anjum and Grant, Daniel},
  journal={arXiv preprint arXiv:1611.00791},
  year={2016}
}
@inproceedings{kuhrer2014paint,
  title={Paint it black: Evaluating the effectiveness of malware blacklists},
  author={K{\"u}hrer, Marc and Rossow, Christian and Holz, Thorsten},
  booktitle={International Workshop on Recent Advances in Intrusion Detection},
  pages={1--21},
  year={2014},
  organization={Springer}
}
@inproceedings{antonakakis2012throw,
  title={From throw-away traffic to bots: detecting the rise of DGA-based malware},
  author={Antonakakis, Manos and Perdisci, Roberto and Nadji, Yacin and Vasiloglou, Nikolaos and Abu-Nimeh, Saeed and Lee, Wenke and Dagon, David},
  booktitle={21st $\{$USENIX$\}$ Security Symposium ($\{$USENIX$\}$ Security 12)},
  pages={491--506},
  year={2012}
}
@inproceedings{bahnsen2017classifying,
  title={Classifying phishing URLs using recurrent neural networks},
  author={Bahnsen, Alejandro Correa and Bohorquez, Eduardo Contreras and Villegas, Sergio and Vargas, Javier and Gonz{\'a}lez, Fabio A},
  booktitle={2017 APWG symposium on electronic crime research (eCrime)},
  pages={1--8},
  year={2017},
  organization={IEEE}
}
@inproceedings{yu2017inline,
  title={Inline DGA detection with deep networks},
  author={Yu, Bin and Gray, Daniel L and Pan, Jie and De Cock, Martine and Nascimento, Anderson CA},
  booktitle={2017 IEEE International Conference on Data Mining Workshops (ICDMW)},
  pages={683--692},
  year={2017},
  organization={IEEE}
}
@article{yang2020detecting,
  title={Detecting stealthy domain generation algorithms using heterogeneous deep neural network framework},
  author={Yang, Luhui and Liu, Guangjie and Dai, Yuewei and Wang, Jinwei and Zhai, Jiangtao},
  journal={Ieee Access},
  volume={8},
  pages={82876--82889},
  year={2020},
  publisher={IEEE}
}
@article{patsakis2021exploiting,
  title={Exploiting statistical and structural features for the detection of domain generation algorithms},
  author={Patsakis, Constantinos and Casino, Fran},
  journal={Journal of Information Security and Applications},
  volume={58},
  pages={102725},
  year={2021},
  publisher={Elsevier}
}
@article{iwahana2021madmax,
  title={MADMAX: Browser-Based Malicious Domain Detection Through Extreme Learning Machine},
  author={Iwahana, Kazuki and Takemura, Tatsuya and Cheng, Ju Chien and Ashizawa, Nami and Umeda, Naoki and Sato, Kodai and Kawakami, Ryota and Shimizu, Rei and Chinen, Yuichiro and Yanai, Naoto},
  journal={IEEE Access},
  volume={9},
  pages={78293--78314},
  year={2021},
  publisher={IEEE}
}
@article{ren2020dga,
  title={A DGA domain names detection modeling method based on integrating an attention mechanism and deep neural network},
  author={Ren, Fangli and Jiang, Zhengwei and Wang, Xuren and Liu, Jian},
  journal={Cybersecurity},
  volume={3},
  number={1},
  pages={1--13},
  year={2020},
  publisher={SpringerOpen}
}
@inproceedings{yu2018character,
  title={Character level based detection of DGA domain names},
  author={Yu, Bin and Pan, Jie and Hu, Jiaming and Nascimento, Anderson and De Cock, Martine},
  booktitle={2018 International Joint Conference on Neural Networks (IJCNN)},
  pages={1--8},
  year={2018},
  organization={IEEE}
}
@article{zago2020umudga,
  title={UMUDGA: A dataset for profiling algorithmically generated domain names in botnet detection},
  author={Zago, Mattia and P{\'e}rez, Manuel Gil and P{\'e}rez, Gregorio Mart{\'\i}nez},
  journal={Data in brief},
  volume={30},
  pages={105400},
  year={2020},
  publisher={Elsevier}
}
@article{graves2005framewise,
  title={Framewise phoneme classification with bidirectional LSTM and other neural network architectures},
  author={Graves, Alex and Schmidhuber, J{\"u}rgen},
  journal={Neural networks},
  volume={18},
  number={5-6},
  pages={602--610},
  year={2005},
  publisher={Elsevier}
}
@article{hochreiter1997long,
  title={Long short-term memory},
  author={Hochreiter, Sepp and Schmidhuber, J{\"u}rgen},
  journal={Neural computation},
  volume={9},
  number={8},
  pages={1735--1780},
  year={1997},
  publisher={MIT Press}
}
@inproceedings{vaswani2017attention,
  title={Attention is all you need},
  author={Vaswani, Ashish and Shazeer, Noam and Parmar, Niki and Uszkoreit, Jakob and Jones, Llion and Gomez, Aidan N and Kaiser, {\L}ukasz and Polosukhin, Illia},
  booktitle={Advances in neural information processing systems},
  pages={5998--6008},
  year={2017}
}
@article{devlin2018bert,
  title={Bert: Pre-training of deep bidirectional transformers for language understanding},
  author={Devlin, Jacob and Chang, Ming-Wei and Lee, Kenton and Toutanova, Kristina},
  journal={arXiv preprint arXiv:1810.04805},
  year={2018}
}
